@article{hoy2011html5,
  title={HTML5: a new standard for the Web},
  author={Hoy, Matthew B},
  journal={Medical reference services quarterly},
  volume={30},
  number={1},
  pages={50--55},
  year={2011},
  publisher={Taylor \& Francis}
}

@misc{johnson2015flash,
  title={Flash isolation for device covers},
  author={Johnson, Jamie and Willes, Stephen and Smith, William Travis and Morine, Alan},
  year={2015},
  month=mar # "~10",
  publisher={Google Patents},
  note={US Patent 8,973,752}
}

@book{holdener2011html5,
  title={HTML5 geolocation},
  author={Holdener, Anthony T},
  year={2011},
  publisher={" O'Reilly Media, Inc."}
}

@online{Canvas,
  author = {w3schools},
  title = {HTML Canvas Reference},
  year = 2014,
  url = {https://www.w3schools.com/tags/ref_canvas.asp},
  urldate = {2018-12-23}
}

@online{html53,
  author = {w3schools},
  title = {HTML 5.3 Editorâ€™s Draft},
  year = 2018,
  url = {https://w3c.github.io/html/introduction.html},
  urldate = {2018-12-23}
}